<?xml version="1.0" encoding="UTF-8"?><record xmlns="http://www.loc.gov/MARC21/slim" xmlns:cinclude="http://apache.org/cocoon/include/1.0" xmlns:zs="http://www.loc.gov/zing/srw/">
  <leader>00482nz  a2200145n  4500</leader>
  <controlfield tag="001">no2011131397</controlfield>
  <controlfield tag="003">DLC</controlfield>
  <controlfield tag="005">20110825075339.0</controlfield>
  <controlfield tag="008">110823n| acannaabn          |n aaa     c</controlfield>
  <datafield tag="010" ind1=" " ind2=" ">
    <subfield code="a">no2011131397</subfield>
  </datafield>
  <datafield tag="035" ind1=" " ind2=" ">
    <subfield code="a">(OCoLC)oca08954114</subfield>
  </datafield>
  <datafield tag="040" ind1=" " ind2=" ">
    <subfield code="a">WaElC</subfield>
    <subfield code="b">eng</subfield>
    <subfield code="c">WaElC</subfield>
  </datafield>
  <datafield tag="100" ind1="1" ind2=" ">
    <subfield code="a">Downes, Scott Glen,</subfield>
    <subfield code="d">1976-</subfield>
  </datafield>
  <datafield tag="670" ind1=" " ind2=" ">
    <subfield code="a">Reproductive ecology of sage thrasher (Oreoscoptes montanus) in a disturbed landscape, 2003:</subfield>
    <subfield code="b">t.p. (Scott Glen Downes)</subfield>
  </datafield>
  <datafield tag="670" ind1=" " ind2=" ">
    <subfield code="a">WaElC files</subfield>
    <subfield code="b">(Downes, Scott G.; b. 1976)</subfield>
  </datafield>
</record>